@online{ResearchMarkets-2021,
author={Research and Markets},
title={Insights on the Smart Homes Global Market to 2026 - Featuring ABB, Acuity Brands and Emerson Electric Among Others},
date={2021-11-16},
url={https://www.prnewswire.com/news-releases/insights-on-the-smart-homes-global-market-to-2026---featuring-abb-acuity-brands-and-emerson-electric-among-others-301425322.html},
}

@online{LawrenceAbrams-2021,
author={Lawrence Abrams},
title={533 million Facebook users’ phone numbers leaked on hacker forum},
date={2021-04-03},
url={https://www.bleepingcomputer.com/news/security/533-million-facebook-users-phone-numbers-leaked-on-hacker-forum/},
}

@online{RhettJones-2017,
author={Rhett Jones},
title={Roomba's Next Big Step Is Selling Maps of Your Home to the Highest Bidder},
date={2017-07-24},
url={https://gizmodo.com/roombas-next-big-step-is-selling-maps-of-your-home-to-t-1797187829},
}

@online{MichaelSteigerwaldVTRUST-2018,
author={Michael Steigerwald (VTRUST)},
title={Smart Home - Smart Hack -  Wie der Weg ins digitale Zuhause zum Spaziergang wird},
date={2018-11-22},
url={https://media.ccc.de/v/35c3-9723-smart_home_-_smart_hack},
}

@online{EliasKotlyar-2017,
author={Elias Kotlyar},
title={Xiaomi DaFang Hacks},
date={2017},
url={https://github.com/EliasKotlyar/Xiaomi-Dafang-Hacks},
}

@masterthesis{DennisGiese-2019,
author={Dennis Giese},
title={Security Analysis of the Xiaomi IoT Ecosystem},
institution={Technische Universität Darmstadt},
date={2019-07-10},
url={https://dontvacuum.me/thesis/Security_Analysis_of_the_Xiaomi_IoT_Ecosystem.pdf},
}
